# 在此直接复制GB/T 7714－2015 bib条目，第一行内容为在正文引用\cite{}的关键词
# 推荐使用百度学术生成GB/T 7714－2015 bib条目

@misc{PID,

   author = {enderfga},

   title = {Application of PID control in blood pressure control in medical anesthesia process},

   howpublished = {\url{https://blog.enderfga.cn/2022/05/04/pid/}}

}


